@MISC{freertos,
	title = {FreeRTOS documentation},
	howpublished = {\url{http://www.freertos.org}} 
}

@MISC{arm-toolchain,
	author = {Hussam Al-Hertani},
	title = {Setting up the GCC ARM Toolchain},
	howpublished = {\url{http://hertaville.com/2012/05/28/gcc-arm-toolchain-stm32f0discovery/}}
}

@MISC{arm-toolchain-freertos,
	author = {Henrique Persico Rossi},
	title = {GNU ARM Cross-toolchain - FreeRTOS + GCC + STM32F4Discovery},
	howpublished = {\url{http://www.embarcados.com.br/gnu-arm-cross-toolchain-freertos-gcc-stm32f4discovery-parte-1/}}
}

@MISC{sdlib,
	author = {Majerle Tilen},
	title = {Read SD card with FatFs on STM32F4xx devices},
	howpublished = {\url{http://stm32f4-discovery.com/2014/07/library-21-read-sd-card-fatfs-stm32f4xx-devices/}}
}

@MISC{fatfs,
	author = {Elm-Chan},
	title = {FatFs - Generic FAT File System Module},
	howpublished = {\url{http://elm-chan.org/fsw/ff/00index_e.html}}
}

@MISC{bmpformat,
	title = {BMP file format},
	howpublished = {\url{http://en.wikipedia.org/wiki/BMP_file_format}},
	note = {Art√≠culo wikipedia}
}

@MISC{bmpdecoder,
	title = {BMP decoder},
	howpublished = {\url{http://en.literateprograms.org/BMP_decoder_%28C%29}},
	note = {Codigo de un decodificador de BMPs sencillo sin terminar.}
}

@MISC{starup,
	author = {Anurag Arnab},
	title = {Starup en C},
	howpublished = {\url{https://github.com/hmph/FreeRTOS-template-for-STM32F4}},
	note = {Codigo de starup para STM32F4.}
}

@TECHREPORT{interrupts,
	author = {Quantum Leaps},
	title = {Setting ARM Cortex-M Interrupt Priorities in QP 5.1},
	type = {Manual},
	note = {\url{http://www.state-machine.com/arm/AN_ARM-Cortex-M_Interrupt-Priorities.pdf}}
}

@MISC{povWiki,
	author = {Wikipedia},
	title = {Persistence of vision},
	howpublished = {\url{http://en.wikipedia.org/wiki/Persistence_of_vision}}
}

@MISC{docDiscovery,
	author = {STMicroelectronics},
	title = {Documentacion STM32F4-Discovery},
	howpublished = {\url{http://www.st.com/web/catalog/tools/FM116/SC959/SS1532/PF252419}}
}

@MISC{programmingManual,
	author = {STMicroelectronics},
	title = {Programming manual},
	howpublished = {\url{http://www.st.com/st-web-ui/static/active/en/resource/technical/document/programming_manual/DM00046982.pdf}}
}

@MISC{referenceManual,
	author = {STMicroelectronics},
	title = {Reference manual},
	howpublished = {\url{http://www.st.com/st-web-ui/static/active/en/resource/technical/document/reference_manual/DM00031020.pdf}}
}

@MISC{firmPack,
	author = {STMicroelectronics},
	title = {STM32F4Discovery board firmware package},
	howpublished = {\url{http://www.st.com/web/en/catalog/tools/PF257904}},
	note = {Ejemplos de las notas de aplicacion}
}

@MISC{ws2812,
	title = {Datasheet LED WS2812},
	howpublished = {\url{https://www.sparkfun.com/products/12025}}
}

@MISC{ws2812b,
	title = {Datasheet LED WS2812B},
	howpublished = {\url{http://www.adafruit.com/datasheets/WS2812B.pdf}}
}

@MISC{armDoc,
	author = {ARM},
	title = {ARM documentation},
	howpublished = {\url{http://infocenter.arm.com/help/index.jsp}}
}

@MISC{cmsisDoc,
	author = {CMSIS},
	title = {CMSIS documentation},
	howpublished = {\url{http://www.keil.com/pack/doc/CMSIS/General/html/index.html}}
}
